@book{jorgensen2016software,
  title={Software Testing: A Craftsmanâ€™s Approach, Fourth Edition},
  author={Jorgensen, P.C.},
  isbn={9781498785785},
  year={2016},
  publisher={CRC Press}
}

@book{1989managing,
  title={Managing the Software Process},
  isbn={9788177583304},
  series={SEI series in software engineering},
  url={https://books.google.cz/books?id=ZUXFqK1rwoEC},
  year={1989},
  publisher={Pearson Education}
}

@online{jirabugtracking,
 author = {},
 key = {Jira  Issue and Project Tracking Software  Atlassian},
 title = {Jira  Issue and Project Tracking Software  Atlassian},
 publisher = {Atlassian},
 year = {2019},
 cited = {2019/04/12},
 note = {Jira bugtracking software},
 url = {https://www.atlassian.com/software/jira}
}

@online{bugzillabugtracking,
 author = {},
 key = {Bugzilla},
 title = {Bugzilla:: bugzilla.org},
 publisher = {bugzilla.org},
 year = {2019},
 cited = {2019/04/14},
 note = {Bugzilla},
 url = {https://www.bugzilla.org}
}



